%% This BibTeX bibliography file was created using BibDesk.
%% http://bibdesk.sourceforge.net/


%% Created for Kruse, Michael Karl Gerhard at 2014-12-23 14:57:57 -0800 


%% Saved with string encoding Unicode (UTF-8) 

%% Bohr and Mottelson reference
@book{Bohr69-vol2,
  title={Nuclear Structure: Volume 2, Nuclear deformations},
  author={Bohr, A. and Mottelson, B.R.},
  isbn={9780805310160},
  lccn={lc68057860},
  series={Nuclear Structure},
  url={http://books.google.com/books?id=dRhRAAAAMAAJ},
  year={1969},
  publisher={Benjamin}}

%% NCSMC
@article{Baroni13-PRL,
  title = {\textit{Ab~Initio}   Description of the Exotic Unbound $^{7}\mathrm{He}$ Nucleus},
  author = {Baroni, Simone and Navr\'atil, Petr and Quaglioni, Sofia},
  journal = {Phys. Rev. Lett.},
  volume = {110},
  issue = {2},
  pages = {022505},
  numpages = {5},
  year = {2013},
  month = {Jan},
  publisher = {American Physical Society},
  doi = {10.1103/PhysRevLett.110.022505},
  url = {http://link.aps.org/doi/10.1103/PhysRevLett.110.022505}}

@article{Baroni13-PRC,
  title = {Unified     \textit{ab initio}   approach to bound and unbound states: No-core shell model with continuum and its application to ${}^{7}$He},
  author = {Baroni, Simone and Navr\'atil, Petr and Quaglioni, Sofia},
  journal = {Phys. Rev. C},
  volume = {87},
  issue = {3},
  pages = {034326},
  numpages = {14},
  year = {2013},
  month = {Mar},
  publisher = {American Physical Society},
  doi = {10.1103/PhysRevC.87.034326},
  url = {http://link.aps.org/doi/10.1103/PhysRevC.87.034326}}


%% Strength function references
@inbook{Whitehead80,
	Author = {Whitehead, R.R.},
	Date-Added = {2014-12-23 22:53:52 +0000},
	Date-Modified = {2014-12-23 22:57:56 +0000},
	Editor = {B.J. Dalton, S.M. Grimes, J.D. Vary and S.A. Williams},
	Pages = {235},
	Publisher = {Plenum, New York},
	Title = {Moment Methods in Many Fermion Systems},
	Year = {1980}}

@article{Bloom84,
	title = "Gamow-teller strength functions with the Lanczos algorithm ",
	journal = "Progress in Particle and Nuclear Physics ",
	volume = "11",
	number = "0",
	pages = "505 - 528",
	year = "1984",
	note = "",
	issn = "0146-6410",
	doi = "http://dx.doi.org/10.1016/0146-6410(84)90025-5",
	url = "http://www.sciencedirect.com/science/article/pii/0146641084900255",
	author = "S.D. Bloom"}


@article{Caurier90,
	title = "A full 0$\hbar\omega$ description of the $2\nu\beta\beta$ decay of 48Ca ",
	journal = "Physics Letters B ",
	volume = "252",
	number = "1",
	pages = "13 - 17",
	year = "1990",
	note = "",
	issn = "0370-2693",
	doi = "http://dx.doi.org/10.1016/0370-2693(90)91071-I",
	url = "http://www.sciencedirect.com/science/article/pii/037026939091071I",
	author = "E. Caurier and A. Poves and A.P. Zuker"}

@article{Caurier95,
  title = {Missing and Quenched Gamow-Teller Strength},
  author = {Caurier, E. and Poves, A. and Zuker, A. P.},
  journal = {Phys. Rev. Lett.},
  volume = {74},
  issue = {9},
  pages = {1517--1520},
  numpages = {4},
  year = {1995},
  month = {Feb},
  publisher = {American Physical Society},
  doi = {10.1103/PhysRevLett.74.1517},
  url = {http://link.aps.org/doi/10.1103/PhysRevLett.74.1517}}

@article{Caurier99,
  title = {Full 0$\hbar\omega$ shell model calculation of the binding energies of the ${1f}_{7/2}$ nuclei},
  author = {Caurier, E. and Martinez-Pinedo, G. and Nowacki, F. and Poves, A. and Retamosa, J. and Zuker, A. P.},
   journal = {Phys. Rev. C},
  volume = {59},
  issue = {4},
  pages = {2033--2039},
  numpages = {7},
  year = {1999},
  month = {Apr},
  publisher = {American Physical Society},
  doi = {10.1103/PhysRevC.59.2033},
  url = {http://link.aps.org/doi/10.1103/PhysRevC.59.2033}}


%% end of Strength function references

%% Momentum dependent operators
@article{Haxton05,
  title = {Piecewise moments method: Generalized Lanczos technique for nuclear response surfaces},
  author = {Haxton, Wick C. and Nollett, Kenneth M. and Zurek, Kathryn M.},
  journal = {Phys. Rev. C},
  volume = {72},
  issue = {6},
  pages = {065501},
  numpages = {16},
  year = {2005},
  month = {Dec},
  publisher = {American Physical Society},
  doi = {10.1103/PhysRevC.72.065501},
  url = {http://link.aps.org/doi/10.1103/PhysRevC.72.065501}}


%% Nuclear deformation parameter
@article{Neyens03,
  author={Gerda Neyens},
  title={Nuclear magnetic and quadrupole moments for nuclear structure research on exotic nuclei},
  journal={Reports on Progress in Physics},
  volume={66},
  number={4},
  pages={633},
  url={http://stacks.iop.org/0034-4885/66/i=4/a=205},
  year={2003}}


%% Experimental data for A=8 -- A=10
@article{Tilley04,
title = "Energy levels of light nuclei ",
journal = "Nuclear Physics A ",
volume = "745",
number = "3–4",
pages = "155 - 362",
year = "2004",
note = "",
issn = "0375-9474",
doi = "http://dx.doi.org/10.1016/j.nuclphysa.2004.09.059",
url = "http://www.sciencedirect.com/science/article/pii/S0375947404010267",
author = "D.R. Tilley and J.H. Kelley and J.L. Godwin and D.J. Millener and J.E. Purcell and C.G. Sheu and H.R. Weller"
}

%% RMS charge radius of B10 from electron scattering
@article{Cichocki95,
  title = {Electron scattering from $^{10}\mathrm{B}$},
  author = {Cichocki, A. and Dubach, J. and Hicks, R. and Peterson, G. and de Jager, C. and de Vries, H. and Kalantar-Nayestanaki, N. and Sato, T.},
  journal = {Phys. Rev. C},
  volume = {51},
  issue = {5},
  pages = {2406--2426},
  numpages = {21},
  year = {1995},
  month = {May},
  publisher = {American Physical Society},
  doi = {10.1103/PhysRevC.51.2406},
  url = {http://link.aps.org/doi/10.1103/PhysRevC.51.2406}
}


%% Brink hypothesis
@phdthesis{Brink55,
  author       = {David Brink}, 
  title	       = {},
  school       = {University of Oxford},
  year	       = 1955,
  address      = {},
  month	       = 7,
  note	       = {unpublished}}


%% Initial GDR observation
@article{Baldwin47,
  title = {Photo-Fission in Heavy Elements},
  author = {Baldwin, G. C. and Klaiber, G. S.},
  journal = {Phys. Rev.},
  volume = {71},
  issue = {1},
  pages = {3--10},
  numpages = {8},
  year = {1947},
  month = {Jan},
  publisher = {American Physical Society},
  doi = {10.1103/PhysRev.71.3},
  url = {http://link.aps.org/doi/10.1103/PhysRev.71.3}}

%% Goldhaber Teller
@article{Goldhaber48,
  title = {On Nuclear Dipole Vibrations},
  author = {Goldhaber, M. and Teller, E.},
  journal = {Phys. Rev.},
  volume = {74},
  issue = {9},
  pages = {1046--1049},
  numpages = {4},
  year = {1948},
  month = {Nov},
  publisher = {American Physical Society},
  doi = {10.1103/PhysRev.74.1046},
  url = {http://link.aps.org/doi/10.1103/PhysRev.74.1046}}

%% Steinwedel, Jensen
@article{Steinwedel50,
  title = {Hydrodynamik von Kerndipolschwingungen},
  author = {Steinwedel, H. and Jensen, J. Hans. D.},
  journal = {Z. Naturforsch. A},
  volume = {5},
  issue = {8},
  pages = {413--420},
  numpages = {8},
  year = {1950},
  publisher = {Verlag Zeitschrifft fuer Naturforschung},
  url = {http://zfn.mpdl.mpg.de/data/Reihe_A/5/ZNA-1950-5a-0413.pdf}}


%% dampening of resonances
@article{Bertsch83,
  title = {Damping of nuclear excitations},
  author = {Bertsch, G. F. and Bortignon, P. F. and Broglia, R. A.},
  journal = {Rev. Mod. Phys.},
  volume = {55},
  issue = {1},
  pages = {287--314},
  numpages = {28},
  year = {1983},
  month = {Jan},
  publisher = {American Physical Society},
  doi = {10.1103/RevModPhys.55.287},
  url = {http://link.aps.org/doi/10.1103/RevModPhys.55.287}}


  	
@article{Speth81,
  author={J Speth and A van der Woude},
  title={Giant resonances in nuclei},
  journal={Reports on Progress in Physics},
  volume={44},
  number={7},
  pages={719},
  url={http://stacks.iop.org/0034-4885/44/i=7/a=002},
  year={1981},
  abstract={A review is given of the present situation of electric giant resonances in nuclei. Starting with the properties of the well-known electric dipole resonances the authors summarise the known experimental facts on resonances with other angular momenta and parities. They mainly discuss the giant quadrupole and giant monopole resonances which are known best. The difficulties connected with the extraction of nuclear structure information from the experimental cross sections are discussed in detail. They also review the theoretical developments in this field and emphasise especially microscopic models and the corresponding results. As far as possible the experimental facts are compared with the theoretical results.}
}

% LIT references

@article{Efros94,
title = "Response functions from integral transforms with a Lorentz kernel ",
journal = "Physics Letters B ",
volume = "338",
number = "2–3",
pages = "130 - 133",
year = "1994",
note = "",
issn = "0370-2693",
doi = "http://dx.doi.org/10.1016/0370-2693(94)91355-2",
url = "http://www.sciencedirect.com/science/article/pii/0370269394913552",
author = "Victor D. Efros and Winfred Leidemann and Giuseppina Orlandini"}


  	
@article{Efros07,
  author={V D Efros and W Leidemann and G Orlandini and N Barnea},
  title={The Lorentz integral transform (LIT) method and its applications to perturbation-induced reactions},
  journal={Journal of Physics G: Nuclear and Particle Physics},
  volume={34},
  number={12},
  pages={R459},
  url={http://stacks.iop.org/0954-3899/34/i=12/a=R02},
  year={2007},
  abstract={The LIT method has allowed ab initio calculations of electroweak cross sections in light nuclear systems. This review presents a description of the method from both a general and a more technical point of view, as well as a summary of the results obtained by its application. The remarkable features of the LIT approach, which make it particularly efficient in dealing with a general reaction involving continuum states, are underlined. Emphasis is given on the results obtained for electroweak cross sections of few-nucleon systems. Their implications for the present understanding of microscopic nuclear dynamics are discussed.}
}

% Hyperspherical harmonics

@article{Barnea01,
title = "State-dependent effective interaction for the hyperspherical formalism with noncentral forces ",
journal = "Nuclear Physics A ",
volume = "693",
number = "3–4",
pages = "565 - 578",
year = "2001",
note = "",
issn = "0375-9474",
doi = "http://dx.doi.org/10.1016/S0375-9474(01)00794-1",
url = "http://www.sciencedirect.com/science/article/pii/S0375947401007941",
author = "Nir Barnea and Winfried Leidemann and Giuseppina Orlandini",
keywords = "Few-body",
keywords = "Hyperspherical harmonics",
keywords = "Effective interaction "
}

@article{Fenin72,
title = "",
journal = "Sov. J. Nucl. Phys.",
volume = "15",
number = "",
pages = "497",
year = "1972",
author = "Y. I. Fenin and V. D. Efros",
keywords = "Few-body",
keywords = "Hyperspherical harmonics",
keywords = "Effective interaction "
}

%% He4 photonuclear cross section 
@article{Efros97,
  title = {Is There a Pronounced Giant Dipole Resonance in $^{4}He$?},
  author = {Efros, Victor D. and Leidemann, Winfried and Orlandini, Giuseppina},
  journal = {Phys. Rev. Lett.},
  volume = {78},
  issue = {21},
  pages = {4015--4018},
  numpages = {4},
  year = {1997},
  month = {May},
  publisher = {American Physical Society},
  doi = {10.1103/PhysRevLett.78.4015},
  url = {http://link.aps.org/doi/10.1103/PhysRevLett.78.4015}}

@article{Stetcu07,
title = "Benchmark calculation of inclusive electromagnetic responses in the four-body nuclear system ",
journal = "Nuclear Physics A ",
volume = "785",
number = "3–4",
pages = "307 - 321",
year = "2007",
note = "",
issn = "0375-9474",
doi = "http://dx.doi.org/10.1016/j.nuclphysa.2006.12.047",
url = "http://www.sciencedirect.com/science/article/pii/S0375947406009778",
author = "Ionel Stetcu and Sofia Quaglioni and Sonia Bacca and Bruce R. Barrett and Calvin W. Johnson and Petr Navrátil and Nir Barnea and Winfried Leidemann and Giuseppina Orlandini"}

%% He6/Li6 (next two papers)
@article{Bacca02,
  title = {Microscopic Calculation of Six-Body Inelastic Reactions with Complete Final State Interaction: Photoabsorption of $\text{ }{\text{ ︀}}^{6}\mathrm{H}\mathrm{e}$ and $\text{ }{\text{ ︀}}^{6}\mathrm{L}\mathrm{i}$},
  author = {Bacca, Sonia and Marchisio, Mario Andrea and Barnea, Nir and Leidemann, Winfried and Orlandini, Giuseppina},
  journal = {Phys. Rev. Lett.},
  volume = {89},
  issue = {5},
  pages = {052502},
  numpages = {4},
  year = {2002},
  month = {Jul},
  publisher = {American Physical Society},
  doi = {10.1103/PhysRevLett.89.052502},
  url = {http://link.aps.org/doi/10.1103/PhysRevLett.89.052502}}

@article{Bacca04,
  title = {Effect of $P$-wave interaction in $^{6}\mathrm{He}$ and $^{6}\mathrm{Li}$ photoabsorption},
  author = {Bacca, Sonia and Barnea, Nir and Leidemann, Winfried and Orlandini, Giuseppina},
  journal = {Phys. Rev. C},
  volume = {69},
  issue = {5},
  pages = {057001},
  numpages = {4},
  year = {2004},
  month = {May},
  publisher = {American Physical Society},
  doi = {10.1103/PhysRevC.69.057001},
  url = {http://link.aps.org/doi/10.1103/PhysRevC.69.057001}}

% Li7 photonuclear
@article{Bacca04-02,
title = "Ab initio calculation of 7Li photodisintegration ",
journal = "Physics Letters B ",
volume = "603",
number = "3–4",
pages = "159 - 164",
year = "2004",
note = "",
issn = "0370-2693",
doi = "http://dx.doi.org/10.1016/j.physletb.2004.10.025",
url = "http://www.sciencedirect.com/science/article/pii/S037026930401473X",
author = "Sonia Bacca and Hartmuth Arenhövel and Nir Barnea and Winfried Leidemann and Giuseppina Orlandini"}

% He4 with realistic forces
@article{Gazit06,
  title = {Photoabsorption on $^{4}\mathrm{He}$ with a Realistic Nuclear Force},
  author = {Gazit, Doron and Bacca, Sonia and Barnea, Nir and Leidemann, Winfried and Orlandini, Giuseppina},
  journal = {Phys. Rev. Lett.},
  volume = {96},
  issue = {11},
  pages = {112301},
  numpages = {4},
  year = {2006},
  month = {Mar},
  publisher = {American Physical Society},
  doi = {10.1103/PhysRevLett.96.112301},
  url = {http://link.aps.org/doi/10.1103/PhysRevLett.96.112301}}

@article{Quaglioni07,
title = "The 4He total photo-absorption cross section with two- plus three-nucleon interactions from chiral effective field theory ",
journal = "Physics Letters B ",
volume = "652",
number = "5–6",
pages = "370 - 375",
year = "2007",
note = "",
issn = "0370-2693",
doi = "http://dx.doi.org/10.1016/j.physletb.2007.06.082",
url = "http://www.sciencedirect.com/science/article/pii/S0370269307007642",
author = "Sofia Quaglioni and Petr Navrátil"}


% O16 with CC and LIT.
@article{Bacca13,
  title = {First Principles Description of the Giant Dipole Resonance in $^{16}\mathbf{O}$},
  author = {Bacca, S. and Barnea, N. and Hagen, G. and Orlandini, G. and Papenbrock, T.},
  journal = {Phys. Rev. Lett.},
  volume = {111},
  issue = {12},
  pages = {122502},
  numpages = {5},
  year = {2013},
  month = {Sep},
  publisher = {American Physical Society},
  doi = {10.1103/PhysRevLett.111.122502},
  url = {http://link.aps.org/doi/10.1103/PhysRevLett.111.122502}}

	
% SRG
@article{Bogner10,
	Author = {S.K. Bogner and R.J. Furnstahl and A. Schwenk},
	Doi = {http://dx.doi.org/10.1016/j.ppnp.2010.03.001},
	Issn = {0146-6410},
	Journal = {Progress in Particle and Nuclear Physics},
	Keywords = {Renormalization group},
	Number = {1},
	Pages = {94 - 147},
	Title = {From low-momentum interactions to nuclear structure},
	Url = {http://www.sciencedirect.com/science/article/pii/S0146641010000347},
	Volume = {65},
	Year = {2010},
	Bdsk-Url-1 = {http://www.sciencedirect.com/science/article/pii/S0146641010000347},
	Bdsk-Url-2 = {http://dx.doi.org/10.1016/j.ppnp.2010.03.001}}

@article{Roth11,
	Author = {Roth, Robert and Langhammer, Joachim and Calci, Angelo and Binder, Sven and Navr\'atil, Petr},
	Doi = {10.1103/PhysRevLett.107.072501},
	Issue = {7},
	Journal = {Phys. Rev. Lett.},
	Month = {Aug},
	Numpages = {5},
	Pages = {072501},
	Publisher = {American Physical Society},
	Title = {Similarity-Transformed Chiral $NN+3N$ Interactions for the \textit{Ab Initio} Description of $^{12}\mathbf{C}$ and $^{16}\mathbf{O}$},
	Url = {http://link.aps.org/doi/10.1103/PhysRevLett.107.072501},
	Volume = {107},
	Year = {2011},
	Bdsk-Url-1 = {http://link.aps.org/doi/10.1103/PhysRevLett.107.072501},
	Bdsk-Url-2 = {http://dx.doi.org/10.1103/PhysRevLett.107.072501}}

% EFT
@article{Machleidt11,
	Author = {R. Machleidt and D.R. Entem},
	Doi = {http://dx.doi.org/10.1016/j.physrep.2011.02.001},
	Issn = {0370-1573},
	Journal = {Physics Reports},
	Keywords = {Nucleon--nucleon scattering},
	Number = {1},
	Pages = {1 - 75},
	Title = {Chiral effective field theory and nuclear forces},
	Url = {http://www.sciencedirect.com/science/article/pii/S0370157311000457},
	Volume = {503},
	Year = {2011},
	Bdsk-Url-1 = {http://www.sciencedirect.com/science/article/pii/S0370157311000457},
	Bdsk-Url-2 = {http://dx.doi.org/10.1016/j.physrep.2011.02.001}}

@article{Epelbaum09,
	Author = {Epelbaum, E. and Hammer, H.-W. and Mei\ss{}ner, Ulf-G.},
	Doi = {10.1103/RevModPhys.81.1773},
	Issue = {4},
	Journal = {Rev. Mod. Phys.},
	Month = {Dec},
	Numpages = {53},
	Pages = {1773--1825},
	Publisher = {American Physical Society},
	Title = {Modern theory of nuclear forces},
	Url = {http://link.aps.org/doi/10.1103/RevModPhys.81.1773},
	Volume = {81},
	Year = {2009},
	Bdsk-Url-1 = {http://link.aps.org/doi/10.1103/RevModPhys.81.1773},
	Bdsk-Url-2 = {http://dx.doi.org/10.1103/RevModPhys.81.1773}}

@article{vanKolck94,
	Author = {van Kolck, U.},
	Doi = {10.1103/PhysRevC.49.2932},
	Issue = {6},
	Journal = {Phys. Rev. C},
	Month = {Jun},
	Pages = {2932--2941},
	Publisher = {American Physical Society},
	Title = {Few-nucleon forces from chiral Lagrangians},
	Url = {http://link.aps.org/doi/10.1103/PhysRevC.49.2932},
	Volume = {49},
	Year = {1994},
	Bdsk-Url-1 = {http://link.aps.org/doi/10.1103/PhysRevC.49.2932},
	Bdsk-Url-2 = {http://dx.doi.org/10.1103/PhysRevC.49.2932}}

@article{Barrett13,
	Author = {Bruce R. Barrett and Petr Navr{\'a}til and James P. Vary},
	Doi = {http://dx.doi.org/10.1016/j.ppnp.2012.10.003},
	Issn = {0146-6410},
	Journal = {Progress in Particle and Nuclear Physics},
	Keywords = {Reactions},
	Number = {0},
	Pages = {131 - 181},
	Title = {Ab initio no core shell model},
	Url = {http://www.sciencedirect.com/science/article/pii/S0146641012001184},
	Volume = {69},
	Year = {2013},
	Bdsk-Url-1 = {http://www.sciencedirect.com/science/article/pii/S0146641012001184},
	Bdsk-Url-2 = {http://dx.doi.org/10.1016/j.ppnp.2012.10.003}}

@inproceedings{Berman73,
	Author = {B.L. Berman},
	Booktitle = {Proc. Int. Conf. on photonuclear reactions and applications},
	Date-Added = {2014-12-19 00:31:16 +0000},
	Date-Modified = {2014-12-19 00:34:47 +0000},
	Editor = {B.L. Berman},
	Pages = {175},
	Volume = {1},
	Year = {1973}}

@techreport{Berman74,
	Author = {B.L. Berman},
	Date-Added = {2014-12-19 00:24:46 +0000},
	Date-Modified = {2014-12-19 00:28:06 +0000},
	Institution = {Lawrence Livermore National Laboratory},
	Title = {Atlas of photoneutron cross sections obtained with monoenergetic photons},
	Type = {UCRL 75694},
	Year = {1974}}

@article{Hayward65,
	Author = {Evans Hayward and Tannie Stovall},
	Doi = {http://dx.doi.org/10.1016/0029-5582(65)90049-0},
	Issn = {0029-5582},
	Journal = {Nuclear Physics},
	Keywords = {measured activation curve using bremsstrahlung and obtained σ(E) with ΔE = 0.5, 1.0 MeV},
	Number = {2},
	Pages = {241 - 252},
	Title = {Photoneutron production by Li6, Li7, B10, \{B11\} and \{O16\}},
	Url = {http://www.sciencedirect.com/science/article/pii/0029558265900490},
	Volume = {69},
	Year = {1965},
	Bdsk-Url-1 = {http://www.sciencedirect.com/science/article/pii/0029558265900490},
	Bdsk-Url-2 = {http://dx.doi.org/10.1016/0029-5582(65)90049-0}}

@article{Ahsan87,
	Author = {M.H. Ahsan and S.A. Siddiqui and H.H. Thies},
	Doi = {http://dx.doi.org/10.1016/0375-9474(87)90027-3},
	Issn = {0375-9474},
	Journal = {Nuclear Physics A},
	Keywords = {Nuclear reactions},
	Number = {3},
	Pages = {381 - 392},
	Title = {The photoneutron cross section of 10B},
	Url = {http://www.sciencedirect.com/science/article/pii/0375947487900273},
	Volume = {469},
	Year = {1987},
	Bdsk-Url-1 = {http://www.sciencedirect.com/science/article/pii/0375947487900273},
	Bdsk-Url-2 = {http://dx.doi.org/10.1016/0375-9474(87)90027-3}}

@article{Hughes73,
	Author = {R.J. Hughes and E.G. Muirhead},
	Doi = {http://dx.doi.org/10.1016/0375-9474(73)90107-3},
	Issn = {0375-9474},
	Journal = {Nuclear Physics A},
	Keywords = {Nuclear Reactions},
	Number = {1},
	Pages = {147 - 156},
	Title = {The photoneutron cross sections of 10B and 11B},
	Url = {http://www.sciencedirect.com/science/article/pii/0375947473901073},
	Volume = {215},
	Year = {1973},
	Bdsk-Url-1 = {http://www.sciencedirect.com/science/article/pii/0375947473901073},
	Bdsk-Url-2 = {http://dx.doi.org/10.1016/0375-9474(73)90107-3}}

@article{Kneissl76,
	Author = {U. Kneissl and K.H. Leister and H.O. Neidel and A. Weller},
	Doi = {http://dx.doi.org/10.1016/0375-9474(76)90142-1},
	Issn = {0375-9474},
	Journal = {Nuclear Physics A},
	Keywords = {Nuclear reactions},
	Number = {1},
	Pages = {30 - 44},
	Title = {A study of the photoneutron reactions in 10B and 11B},
	Url = {http://www.sciencedirect.com/science/article/pii/0375947476901421},
	Volume = {264},
	Year = {1976},
	Bdsk-Url-1 = {http://www.sciencedirect.com/science/article/pii/0375947476901421},
	Bdsk-Url-2 = {http://dx.doi.org/10.1016/0375-9474(76)90142-1}}

@book{atlas06,
	Author = {Said. F. Mughabghab},
	Date-Added = {2014-12-04 23:45:39 +0000},
	Date-Modified = {2014-12-04 23:47:31 +0000},
	Keywords = {Neutron resonances},
	Publisher = {Elsevier},
	Title = {Atlas of Neutron Resonances: Resonance Parameters and Thermal Cross Sections},
	Year = {2006}}

@book{Brussaard,
	Author = {P.J. Brussaard and P.W.M Glaudemans},
	Date-Added = {2014-12-04 19:42:46 +0000},
	Date-Modified = {2014-12-04 19:47:28 +0000},
	Keywords = {Nuclear book},
	Publisher = {North-Holland},
	Title = {Shell-Model Applications in nuclear spectroscopy},
	Year = {1977}}

@article{Nav00,
	Author = {Navr\'atil, P. and Vary, J. P. and Barrett, B. R.},
	Doi = {10.1103/PhysRevLett.84.5728},
	Issue = {25},
	Journal = {Phys. Rev. Lett.},
	Month = {Jun},
	Pages = {5728--5731},
	Publisher = {American Physical Society},
	Title = {Properties of ${}^{12}C$ in the \textit{Ab Initio} Nuclear Shell Model},
	Url = {http://link.aps.org/doi/10.1103/PhysRevLett.84.5728},
	Volume = {84},
	Year = {2000},
	Bdsk-Url-1 = {http://link.aps.org/doi/10.1103/PhysRevLett.84.5728},
	Bdsk-Url-2 = {http://dx.doi.org/10.1103/PhysRevLett.84.5728}}

% Extrapolating to Nmax=infinity
@article{Nav04,
  publisher = {American Physical Society},
  author = {Navr\'atil, P. and Caurier, E.},
  month = {Jan},
  url = {http://link.aps.org/doi/10.1103/PhysRevC.69.014311},
  year = {2004},
  pages = {014311},
  title = {Nuclear structure with accurate chiral perturbation theory nucleon-nucleon potential: Application to $^{6}\mathrm{Li}$ and $^{10}\mathrm{B}$},
  volume = {69},
  journal = {Phys. Rev. C},
  doi = {10.1103/PhysRevC.69.014311},
  numpages = {11},
  issue = {1}
}


@article{NavRev09,
	Author = {Petr Navr\'atil and Sofia Quaglioni and Ionel Stetcu and Bruce R Barrett},
	Journal = {Journal of Physics G: Nuclear and Particle Physics},
	Number = {8},
	Pages = {083101},
	Title = {Recent developments in no-core shell-model calculations},
	Url = {http://stacks.iop.org/0954-3899/36/i=8/a=083101},
	Volume = {36},
	Year = {2009},
	Bdsk-Url-1 = {http://stacks.iop.org/0954-3899/36/i=8/a=083101}}

@article{Hagen08,
	Author = {Hagen, G. and Papenbrock, T. and Dean, D. J. and Hjorth-Jensen, M.},
	Doi = {10.1103/PhysRevLett.101.092502},
	Issue = {9},
	Journal = {Phys. Rev. Lett.},
	Month = {Aug},
	Numpages = {4},
	Pages = {092502},
	Publisher = {American Physical Society},
	Title = {Medium-Mass Nuclei from Chiral Nucleon-Nucleon Interactions},
	Url = {http://link.aps.org/doi/10.1103/PhysRevLett.101.092502},
	Volume = {101},
	Year = {2008},
	Bdsk-Url-1 = {http://link.aps.org/doi/10.1103/PhysRevLett.101.092502},
	Bdsk-Url-2 = {http://dx.doi.org/10.1103/PhysRevLett.101.092502}}

@article{Nav07,
	Author = {Navr\'atil, P. and Gueorguiev, V. G. and Vary, J. P. and Ormand, W. E. and Nogga, A.},
	Doi = {10.1103/PhysRevLett.99.042501},
	Issue = {4},
	Journal = {Phys. Rev. Lett.},
	Month = {Jul},
	Numpages = {4},
	Pages = {042501},
	Publisher = {American Physical Society},
	Title = {Structure of $A=10\char21{}13$ Nuclei with Two- Plus Three-Nucleon Interactions from Chiral Effective Field Theory},
	Url = {http://link.aps.org/doi/10.1103/PhysRevLett.99.042501},
	Volume = {99},
	Year = {2007},
	Bdsk-Url-1 = {http://link.aps.org/doi/10.1103/PhysRevLett.99.042501},
	Bdsk-Url-2 = {http://dx.doi.org/10.1103/PhysRevLett.99.042501}}

@article{CDBonn2001,
	Author = {Machleidt, R.},
	Doi = {10.1103/PhysRevC.63.024001},
	Issue = {2},
	Journal = {Phys. Rev. C},
	Month = {Jan},
	Numpages = {32},
	Pages = {024001},
	Publisher = {American Physical Society},
	Title = {High-precision, charge-dependent Bonn nucleon-nucleon potential},
	Url = {http://link.aps.org/doi/10.1103/PhysRevC.63.024001},
	Volume = {63},
	Year = {2001},
	Bdsk-Url-1 = {http://link.aps.org/doi/10.1103/PhysRevC.63.024001},
	Bdsk-Url-2 = {http://dx.doi.org/10.1103/PhysRevC.63.024001}}

@article{Av18,
	Author = {Wiringa, R. B. and Stoks, V. G. J. and Schiavilla, R.},
	Doi = {10.1103/PhysRevC.51.38},
	Issue = {1},
	Journal = {Phys. Rev. C},
	Month = {Jan},
	Pages = {38--51},
	Publisher = {American Physical Society},
	Title = {Accurate nucleon-nucleon potential with charge-independence breaking},
	Url = {http://link.aps.org/doi/10.1103/PhysRevC.51.38},
	Volume = {51},
	Year = {1995},
	Bdsk-Url-1 = {http://link.aps.org/doi/10.1103/PhysRevC.51.38},
	Bdsk-Url-2 = {http://dx.doi.org/10.1103/PhysRevC.51.38}}

@article{EM500,
	Author = {Entem, D. R. and Machleidt, R.},
	Doi = {10.1103/PhysRevC.68.041001},
	Issue = {4},
	Journal = {Phys. Rev. C},
	Month = {Oct},
	Numpages = {5},
	Pages = {041001},
	Publisher = {American Physical Society},
	Title = {Accurate charge-dependent nucleon-nucleon potential at fourth order of chiral perturbation theory},
	Url = {http://link.aps.org/doi/10.1103/PhysRevC.68.041001},
	Volume = {68},
	Year = {2003},
	Bdsk-Url-1 = {http://link.aps.org/doi/10.1103/PhysRevC.68.041001},
	Bdsk-Url-2 = {http://dx.doi.org/10.1103/PhysRevC.68.041001}}

@article{Epelbaum02,
	Author = {Epelbaum, E. and Nogga, A. and Gl\"ockle, W. and Kamada, H. and Mei\ss{}ner, Ulf-G. and Wita\l{}a, H.},
	Doi = {10.1103/PhysRevC.66.064001},
	Issue = {6},
	Journal = {Phys. Rev. C},
	Month = {Dec},
	Numpages = {17},
	Pages = {064001},
	Publisher = {American Physical Society},
	Title = {Three-nucleon forces from chiral effective field theory},
	Url = {http://link.aps.org/doi/10.1103/PhysRevC.66.064001},
	Volume = {66},
	Year = {2002},
	Bdsk-Url-1 = {http://link.aps.org/doi/10.1103/PhysRevC.66.064001},
	Bdsk-Url-2 = {http://dx.doi.org/10.1103/PhysRevC.66.064001}}

@article{Bogner03,
	Author = {S.K. Bogner and T.T.S. Kuo and A. Schwenk},
	Doi = {10.1016/j.physrep.2003.07.001},
	Issn = {0370-1573},
	Journal = {Physics Reports},
	Keywords = {Renormalization group},
	Number = {1},
	Pages = {1 - 27},
	Title = {Model-independent low momentum nucleon interaction from phase shift equivalence},
	Url = {http://www.sciencedirect.com/science/article/pii/S0370157303002953},
	Volume = {386},
	Year = {2003},
	Bdsk-Url-1 = {http://www.sciencedirect.com/science/article/pii/S0370157303002953},
	Bdsk-Url-2 = {http://dx.doi.org/10.1016/j.physrep.2003.07.001}}

@article{Wilson93,
	Author = {G\l{}azek, Stanis\l{}aw D. and Wilson, Kenneth G.},
	Doi = {10.1103/PhysRevD.48.5863},
	Issue = {12},
	Journal = {Phys. Rev. D},
	Month = {Dec},
	Pages = {5863--5872},
	Publisher = {American Physical Society},
	Title = {Renormalization of Hamiltonians},
	Url = {http://link.aps.org/doi/10.1103/PhysRevD.48.5863},
	Volume = {48},
	Year = {1993},
	Bdsk-Url-1 = {http://link.aps.org/doi/10.1103/PhysRevD.48.5863},
	Bdsk-Url-2 = {http://dx.doi.org/10.1103/PhysRevD.48.5863}}

@article{Wilson94,
	Author = {Glazek, Stanislaw D. and Wilson, Kenneth G.},
	Doi = {10.1103/PhysRevD.49.4214},
	Issue = {8},
	Journal = {Phys. Rev. D},
	Month = {Apr},
	Pages = {4214--4218},
	Publisher = {American Physical Society},
	Title = {Perturbative renormalization group for Hamiltonians},
	Url = {http://link.aps.org/doi/10.1103/PhysRevD.49.4214},
	Volume = {49},
	Year = {1994},
	Bdsk-Url-1 = {http://link.aps.org/doi/10.1103/PhysRevD.49.4214},
	Bdsk-Url-2 = {http://dx.doi.org/10.1103/PhysRevD.49.4214}}

@article{Wegner94,
	Author = {Wegner, Franz},
	Doi = {10.1002/andp.19945060203},
	Issn = {1521-3889},
	Journal = {Annalen der Physik},
	Keywords = {Many-particle problem, Flow-equations, Diagonalization},
	Number = {2},
	Pages = {77--91},
	Publisher = {WILEY-VCH Verlag},
	Title = {Flow-equations for Hamiltonians},
	Url = {http://dx.doi.org/10.1002/andp.19945060203},
	Volume = {506},
	Year = {1994},
	Bdsk-Url-1 = {http://dx.doi.org/10.1002/andp.19945060203}}

@article{Wegner01,
	Author = {Franz J. Wegner},
	Doi = {10.1016/S0370-1573(00)00136-8},
	Issn = {0370-1573},
	Journal = {Physics Reports},
	Keywords = {Superconductivity},
	Note = {<ce:title>Renormalization group theory in the new millennium. II</ce:title>},
	Number = {1-2},
	Pages = {77 - 89},
	Title = {Flow equations for Hamiltonians},
	Url = {http://www.sciencedirect.com/science/article/pii/S0370157300001368},
	Volume = {348},
	Year = {2001},
	Bdsk-Url-1 = {http://www.sciencedirect.com/science/article/pii/S0370157300001368},
	Bdsk-Url-2 = {http://dx.doi.org/10.1016/S0370-1573(00)00136-8}}

@article{Bogner07,
	Author = {Bogner, S. K. and Furnstahl, R. J. and Perry, R. J.},
	Doi = {10.1103/PhysRevC.75.061001},
	Issue = {6},
	Journal = {Phys. Rev. C},
	Month = {Jun},
	Numpages = {5},
	Pages = {061001},
	Publisher = {American Physical Society},
	Title = {Similarity renormalization group for nucleon-nucleon interactions},
	Url = {http://link.aps.org/doi/10.1103/PhysRevC.75.061001},
	Volume = {75},
	Year = {2007},
	Bdsk-Url-1 = {http://link.aps.org/doi/10.1103/PhysRevC.75.061001},
	Bdsk-Url-2 = {http://dx.doi.org/10.1103/PhysRevC.75.061001}}

@article{Bogner07b,
	Author = {S.K. Bogner and R.J. Furnstahl and R.J. Perry and A. Schwenk},
	Doi = {10.1016/j.physletb.2007.04.048},
	Issn = {0370-2693},
	Journal = {Physics Letters B},
	Number = {5-6},
	Pages = {488 - 493},
	Title = {Are low-energy nuclear observables sensitive to high-energy phase shifts?},
	Url = {http://www.sciencedirect.com/science/article/pii/S0370269307004820},
	Volume = {649},
	Year = {2007},
	Bdsk-Url-1 = {http://www.sciencedirect.com/science/article/pii/S0370269307004820},
	Bdsk-Url-2 = {http://dx.doi.org/10.1016/j.physletb.2007.04.048}}

@article{Jurgenson09,
	Author = {Jurgenson, E. D. and Navr\'atil, P. and Furnstahl, R. J.},
	Date-Modified = {2014-12-23 01:55:41 +0000},
	Doi = {10.1103/PhysRevLett.103.082501},
	Issue = {8},
	Journal = {Phys. Rev. Lett.},
	Month = {Aug},
	Numpages = {4},
	Pages = {082501},
	Publisher = {American Physical Society},
	Title = {Evolution of Nuclear Many-Body Forces with the Similarity Renormalization Group},
	Url = {http://link.aps.org/doi/10.1103/PhysRevLett.103.082501},
	Volume = {103},
	Year = {2009},
	Bdsk-Url-1 = {http://link.aps.org/doi/10.1103/PhysRevLett.103.082501},
	Bdsk-Url-2 = {http://dx.doi.org/10.1103/PhysRevLett.103.082501}}

@article{Jurg09Phd,
	Archiveprefix = {arXiv},
	Author = {Jurgenson, Eric D.},
	Eprint = {arXiv:0912.2937[nucl-th]},
	Note = {Ph.D.Thesis (Advisor: R.J. Furnstahl)},
	Primaryclass = {nucl-th},
	Slaccitation = {%%CITATION = ARXIV:0912.2937;%%},
	Title = {{Applications of the Similarity Renormalization Group to the Nuclear Interaction}},
	Year = {2009}}

@article{Jurg11,
	Author = {Jurgenson, E. D. and Navr\'atil, P. and Furnstahl, R. J.},
	Doi = {10.1103/PhysRevC.83.034301},
	Issue = {3},
	Journal = {Phys. Rev. C},
	Month = {Mar},
	Numpages = {16},
	Pages = {034301},
	Publisher = {American Physical Society},
	Title = {Evolving nuclear many-body forces with the similarity renormalization group},
	Url = {http://link.aps.org/doi/10.1103/PhysRevC.83.034301},
	Volume = {83},
	Year = {2011},
	Bdsk-Url-1 = {http://link.aps.org/doi/10.1103/PhysRevC.83.034301},
	Bdsk-Url-2 = {http://dx.doi.org/10.1103/PhysRevC.83.034301}}

@article{Suzuki80,
	Author = {Kenji Suzuki and Shyh Yuan Lee},
	Doi = {10.1143/PTP.64.2091},
	Journal = {Progress of Theoretical Physics},
	Number = {6},
	Numpages = {15},
	Pages = {2091-2106},
	Publisher = {Progress of Theoretical Physics},
	Title = {Convergent Theory for Effective Interaction in Nuclei},
	Url = {http://ptp.ipap.jp/link?PTP/64/2091/},
	Volume = {64},
	Year = {1980},
	Bdsk-Url-1 = {http://ptp.ipap.jp/link?PTP/64/2091/},
	Bdsk-Url-2 = {http://dx.doi.org/10.1143/PTP.64.2091}}

@article{Okubo54,
	Author = {Susumu \^Okubo},
	Doi = {10.1143/PTP.12.603},
	Journal = {Progress of Theoretical Physics},
	Number = {5},
	Numpages = {19},
	Pages = {603-622},
	Publisher = {Progress of Theoretical Physics},
	Title = {Diagonalization of Hamiltonian and Tamm-Dancoff Equation},
	Url = {http://ptp.ipap.jp/link?PTP/12/603/},
	Volume = {12},
	Year = {1954},
	Bdsk-Url-1 = {http://ptp.ipap.jp/link?PTP/12/603/},
	Bdsk-Url-2 = {http://dx.doi.org/10.1143/PTP.12.603}}

@article{Gloeckner74,
	Author = {D.H. Gloeckner and R.D. Lawson},
	Doi = {10.1016/0370-2693(74)90390-6},
	Issn = {0370-2693},
	Journal = {Physics Letters B},
	Number = {4},
	Pages = {313 - 318},
	Title = {Spurious center-of-mass motion},
	Url = {http://www.sciencedirect.com/science/article/pii/0370269374903906},
	Volume = {53},
	Year = {1974},
	Bdsk-Url-1 = {http://www.sciencedirect.com/science/article/pii/0370269374903906},
	Bdsk-Url-2 = {http://dx.doi.org/10.1016/0370-2693(74)90390-6}}

@misc{ncsd,
	Author = {P. Navr\'atil},
	Howpublished = {unpublished},
	Title = {No Core Slater determinant code},
	Year = {1995-}}

@misc{mfd92,
	Author = {J.P. Vary},
	Howpublished = {(Iowa State University),unpublished},
	Title = {The Many-Fermion-Dynamics Shell-Model Code},
	Year = {1992}}

@misc{mfd94,
	Author = {J.P. Vary and D.C. Zheng},
	Howpublished = {unpublished},
	Title = {The Many-Fermion-Dynamics Shell-Model Code},
	Year = {1994}}

@misc{manyeff,
	Author = {P. Navr\'atil},
	Howpublished = {unpublished},
	Title = {manyeff code},
	Year = {1998-}}

@article{Antoine,
	Author = {E. Caurier and F. Nowacki},
	Journal = {Acta Phys. Pol. B},
	Number = {3},
	Pages = {705},
	Title = {Present Status of Shell Model Techniques},
	Url = {http://th-www.if.uj.edu.pl/acta/vol30/abs/v30p0705.htm},
	Volume = {30},
	Year = {1999},
	Bdsk-Url-1 = {http://th-www.if.uj.edu.pl/acta/vol30/abs/v30p0705.htm}}

@article{Bigstick,
title = "Factorization in large-scale many-body calculations ",
journal = "Computer Physics Communications ",
volume = "184",
number = "12",
pages = "2761 - 2774",
year = "2013",
note = "",
issn = "0010-4655",
doi = "http://dx.doi.org/10.1016/j.cpc.2013.07.022",
url = "http://www.sciencedirect.com/science/article/pii/S0010465513002518",
author = "Calvin W. Johnson and W. Erich Ormand and Plamen G. Krastev",
keywords = "Shell model",
keywords = "Configuration interaction",
keywords = "Many-body "}


@article{Caurier05,
	Author = {Caurier, E. and Mart\'inez-Pinedo, G. and Nowacki, F. and Poves, A. and Zuker, A. P.},
	Doi = {10.1103/RevModPhys.77.427},
	Issue = {2},
	Journal = {Rev. Mod. Phys.},
	Month = {Jun},
	Pages = {427--488},
	Publisher = {American Physical Society},
	Title = {The shell model as a unified view of nuclear structure},
	Url = {http://link.aps.org/doi/10.1103/RevModPhys.77.427},
	Volume = {77},
	Year = {2005},
	Bdsk-Url-1 = {http://link.aps.org/doi/10.1103/RevModPhys.77.427},
	Bdsk-Url-2 = {http://dx.doi.org/10.1103/RevModPhys.77.427}}

@article{Maris10-F14,
	Author = {Maris, P. and Shirokov, A. M. and Vary, J. P.},
	Doi = {10.1103/PhysRevC.81.021301},
	Issue = {2},
	Journal = {Phys. Rev. C},
	Month = {Feb},
	Numpages = {5},
	Pages = {021301},
	Publisher = {American Physical Society},
	Title = {\textit{Ab initio} nuclear structure simulations: The speculative $^{14}\mathrm{F}$ nucleus},
	Url = {http://link.aps.org/doi/10.1103/PhysRevC.81.021301},
	Volume = {81},
	Year = {2010},
	Bdsk-Url-1 = {http://link.aps.org/doi/10.1103/PhysRevC.81.021301},
	Bdsk-Url-2 = {http://dx.doi.org/10.1103/PhysRevC.81.021301}}

@article{Maris11,
	Author = {Maris, P. and Vary, J. P. and Navr\'atil, P. and Ormand, W. E. and Nam, H. and Dean, D. J.},
	Doi = {10.1103/PhysRevLett.106.202502},
	Issue = {20},
	Journal = {Phys. Rev. Lett.},
	Month = {May},
	Numpages = {4},
	Pages = {202502},
	Publisher = {American Physical Society},
	Title = {Origin of the Anomalous Long Lifetime of $^{14}\mathrm{C}$},
	Url = {http://link.aps.org/doi/10.1103/PhysRevLett.106.202502},
	Volume = {106},
	Year = {2011},
	Bdsk-Url-1 = {http://link.aps.org/doi/10.1103/PhysRevLett.106.202502},
	Bdsk-Url-2 = {http://dx.doi.org/10.1103/PhysRevLett.106.202502}}

@article{Quag08a,
	Author = {Quaglioni, Sofia and Navr{\'a}til, Petr},
	Doi = {10.1103/PhysRevLett.101.092501},
	Issue = {9},
	Journal = {Phys. Rev. Lett.},
	Month = {Aug},
	Numpages = {4},
	Pages = {092501},
	Publisher = {American Physical Society},
	Title = {\textit{Ab~Initio} Many-Body Calculations of $n\mathrm{\text{-}}^{3}\mathrm{H}$, $n\mathrm{\text{-}}^{4}\mathrm{He}$, $p\mathrm{\text{-}}^{3,4}\mathrm{He}$, and $n\mathrm{\text{-}}^{10}\mathrm{Be}$ Scattering},
	Url = {http://link.aps.org/doi/10.1103/PhysRevLett.101.092501},
	Volume = {101},
	Year = {2008},
	Bdsk-Url-1 = {http://link.aps.org/doi/10.1103/PhysRevLett.101.092501},
	Bdsk-Url-2 = {http://dx.doi.org/10.1103/PhysRevLett.101.092501}}

@article{Nollett07,
	Author = {Nollett, Kenneth M. and Pieper, Steven C. and Wiringa, R. B. and Carlson, J. and Hale, G. M.},
	Doi = {10.1103/PhysRevLett.99.022502},
	Issue = {2},
	Journal = {Phys. Rev. Lett.},
	Month = {Jul},
	Numpages = {4},
	Pages = {022502},
	Publisher = {American Physical Society},
	Title = {Quantum Monte~Carlo Calculations of Neutron-$$\alpha${}$ Scattering},
	Url = {http://link.aps.org/doi/10.1103/PhysRevLett.99.022502},
	Volume = {99},
	Year = {2007},
	Bdsk-Url-1 = {http://link.aps.org/doi/10.1103/PhysRevLett.99.022502},
	Bdsk-Url-2 = {http://dx.doi.org/10.1103/PhysRevLett.99.022502}}

@article{Quag09,
	Author = {Quaglioni, Sofia and Navr\'atil, Petr},
	Doi = {10.1103/PhysRevC.79.044606},
	Issue = {4},
	Journal = {Phys. Rev. C},
	Month = {Apr},
	Numpages = {28},
	Pages = {044606},
	Publisher = {American Physical Society},
	Title = {\textit{Ab initio} many-body calculations of nucleon-nucleus scattering},
	Url = {http://link.aps.org/doi/10.1103/PhysRevC.79.044606},
	Volume = {79},
	Year = {2009},
	Bdsk-Url-1 = {http://link.aps.org/doi/10.1103/PhysRevC.79.044606},
	Bdsk-Url-2 = {http://dx.doi.org/10.1103/PhysRevC.79.044606}}

@article{Hagen07,
	Author = {Hagen, G. and Dean, D. J. and Hjorth-Jensen, M. and Papenbrock, T. and Schwenk, A.},
	Doi = {10.1103/PhysRevC.76.044305},
	Issue = {4},
	Journal = {Phys. Rev. C},
	Month = {Oct},
	Numpages = {8},
	Pages = {044305},
	Publisher = {American Physical Society},
	Title = {Benchmark calculations for $^{3}\mathrm{H}$, $^{4}\mathrm{He}$, $^{16}\mathrm{O}$, and $^{40}\mathrm{Ca}$ with \textit{ab initio} coupled-cluster theory},
	Url = {http://link.aps.org/doi/10.1103/PhysRevC.76.044305},
	Volume = {76},
	Year = {2007},
	Bdsk-Url-1 = {http://link.aps.org/doi/10.1103/PhysRevC.76.044305},
	Bdsk-Url-2 = {http://dx.doi.org/10.1103/PhysRevC.76.044305}}

@article{Jansen11,
	Author = {Jansen, G. R. and Hjorth-Jensen, M. and Hagen, G. and Papenbrock, T.},
	Doi = {10.1103/PhysRevC.83.054306},
	Issue = {5},
	Journal = {Phys. Rev. C},
	Month = {May},
	Numpages = {9},
	Pages = {054306},
	Publisher = {American Physical Society},
	Title = {Toward open-shell nuclei with coupled-cluster theory},
	Url = {http://link.aps.org/doi/10.1103/PhysRevC.83.054306},
	Volume = {83},
	Year = {2011},
	Bdsk-Url-1 = {http://link.aps.org/doi/10.1103/PhysRevC.83.054306},
	Bdsk-Url-2 = {http://dx.doi.org/10.1103/PhysRevC.83.054306}}

@article{Jensen11,
	Author = {Jensen, \O{}. and Hagen, G. and Hjorth-Jensen, M. and Vaagen, J. S.},
	Doi = {10.1103/PhysRevC.83.021305},
	Issue = {2},
	Journal = {Phys. Rev. C},
	Month = {Feb},
	Numpages = {5},
	Pages = {021305},
	Publisher = {American Physical Society},
	Title = {Closed-shell properties of $^{24}\mathrm{O}$ with \textit{ab initio} coupled-cluster theory},
	Url = {http://link.aps.org/doi/10.1103/PhysRevC.83.021305},
	Volume = {83},
	Year = {2011},
	Bdsk-Url-1 = {http://link.aps.org/doi/10.1103/PhysRevC.83.021305},
	Bdsk-Url-2 = {http://dx.doi.org/10.1103/PhysRevC.83.021305}}

@article{Hagen12,
	Archiveprefix = {arXiv},
	Author = {Hagen, G. and Hjorth-Jensen, M. and Jansen, G.R. and Machleidt, R. and Papenbrock, T.},
	Eprint = {arXiv:1202.2839[nucl-th]},
	Primaryclass = {nucl-th},
	Slaccitation = {%%CITATION = ARXIV:1202.2839;%%},
	Title = {{Continuum effects and three-nucleon forces in neutron-rich oxygen isotopes}},
	Year = {2012}}
	@article{Jurgenson11,
  title = {Evolving nuclear many-body forces with the similarity renormalization group},
  author = {Jurgenson, E. D. and Navr\'atil, P. and Furnstahl, R. J.},
  journal = {Phys. Rev. C},
  volume = {83},
  issue = {3},
  pages = {034301},
  numpages = {16},
  year = {2011},
  month = {Mar},
  publisher = {American Physical Society},
  doi = {10.1103/PhysRevC.83.034301},
  url = {http://link.aps.org/doi/10.1103/PhysRevC.83.034301}
}
@article{Jurgenson13,
  title = {Structure of $p$-shell nuclei using three-nucleon interactions evolved with the similarity renormalization group},
  author = {Jurgenson, E. D. and Maris, P. and Furnstahl, R. J. and Navr\'atil, P. and Ormand, W. E. and Vary, J. P.},
  journal = {Phys. Rev. C},
  volume = {87},
  issue = {5},
  pages = {054312},
  numpages = {18},
  year = {2013},
  month = {May},
  publisher = {American Physical Society},
  doi = {10.1103/PhysRevC.87.054312},
  url = {http://link.aps.org/doi/10.1103/PhysRevC.87.054312}
}


@article{Bur:1957,
     author = {Burbidge, M. and Burbidge, G. and Fowler, W. and Hoyle, F.},
     journal = {Rev. Mod. Phys.},
     volume = {29},
     pages = {547},
     year = {1957}}
  
@article{Kas:2017,
     author = {Kasen, D. and Metzger, B. and Barnes, J. and Quataert, E.  and E. Ramirez-Ruiz, E.},
     journal = {Nature},
     volume = {551},
     pages = {80},
     year = {2017}}

@article{Hauser:1952,
     author = {Hauser, W. and Feshbach, H.},
     journal = {Phys. Rev.},
     volume = {87},
     pages = {366},
     year = {1952}}

 @techreport{STAPRE,
                Address = {Vienna, Austria},
                Author = {Uhl, M. and Strohmaier, B.},
                Institution = {Institut f{\"u}r Radiumforschung und Kernphysik},
                Number = {IRK 76/01, rev. 1978},
                Title = {STAPRE, A Computer Code for Particle Induced Activation Cross Sections and Related Quantities},
                Year = {1976}}
 
@article{EMPIRE,
author= {Herman, M. and Capote, R. and Carlson, B. V. and Oblo\v{z}insk\'{y}, P. and Sin, M. and Trkov, A. and Wienke, H. and Zerkin, V.},
title={EMPIRE: Nuclear Reaction Model Code System for Data Evaluation},
journal={Nucl. Data Sheets},
year={2007},
volume={108},
pages={2655}
}

@book{TALYS,
  title={``TALYS-1.0", Proceedings of the International Conference on Nuclear Data for Science and Technology, April 22-27, 2007, Nice, France},
  author={Koning, A. J. and Hilaire, S. and Duijvestijn, M. C.},
  Editor = {Bersillon, O. and Gunsing, F. and Bauge, E. and Jacqmin, R. and Leray, S.},
  publisher={EDP Sciences {\bf 211}},
  year = 2008
}

@techreport{GNASH,
                Address = {Los Alamos, NM},
                Author = {Young, P. G. and Arthur, E. D. and Chadwick, M. B.},
                Institution = {Los Alamos National Laboratory},
                Number = {LA-12343-MS},
                Title = {Comprehensive Nuclear Model Calculations:  Introduction to the Theory and Use of the GNASH Code},
                Year = {1992}
                }
@article{FRESCO,
     author = {Thompson, I. J.},
     journal = {Comp. Phys. Rep.},
     volume = {7},
     pages = {167-212},
     year = {1988}
     }

@book{GNDS,
    author = {NEA},
    title = {Specifications for the Generalised Nuclear Database Structure ({GNDS}): Version 1.9, {\rm https://doi.org/10.1787/94d5e451-en}},
    publisher = {OECD Publishing},
    address= {Paris},
    year = 2020
}

@article{Koning:2004,
     author = {Koning, A. J. and Duijvestijn, M. C.},
     journal = {Nucl. Phys. A},
     volume = {744},
     pages = {15-76},
     year = {2004}
     }

@article{Feshbach:1980,
     author = {Feshbach, H. and Kerman, A. and  Koonin, S.},
     journal = {Nucl. Phys. A},
     volume = {125},
     pages = {429},
     year = {1980}
     }
     
@book{Gadioli:1992,
     author = {Gadioli, E. and Hodgson. P. E.},
     title = {Pre-equilibrium Nuclear Reactions},
     publisher = {Oxford Univ. Press},
     address = {New York},
     year = {1992}
     }

@article{Blann:1996,
     author = {Blann, M.},
     journal = {Phys. Rev. C},
     volume = {54},
     pages = {1341},
     year = {1996}
     }
@article{Kalbach:1988,
     author = {Kalbach, C},
     journal = {Phys. Rev. C},
     volume = {37},
     pages = {2350},
     year = {1988}
     }
@article{Hofmann:1975,
     author = {Hofmann, H. M. and Richert, J and Tepel, J. W. and Weidenm{\" u}ller, H. A.},
     journal = {Ann. Phys. (NY)},
     volume = {90},
     pages = {403},
     year = {1975}
     }
@article{Tepel:1974,
     author = {Tepel, J. W. and Hofmann, H. M. and Weidenm{\" u}ller, H. A.},
     journal = {Phys. Lett. B},
     volume = {49},
     pages = {1},
     year = {1974}
     }
@article{Hofmann:1980,
     author = {Hofmann, H. M. and Richert, J. and Tepel, J. W. and Weidenm{\" u}ller, H. A.},
     journal = {Z. Phys. A.},
     volume = {297},
     pages = {153},
     year = {1980}
     }
@article{Moldauer:1976,
     author = {Moldauer, P. A.},
     journal = {Phys. Rev. C},
     volume = {14},
     pages = {764},
     year = {1976}
     }
@article{Moldauer:1980,
     author = {Moldauer, P. A.},
     journal = {Nucl. Phys. A},
     volume = {344},
     pages = {185},
     year = {1980}
     }
@article{Gilbert:1965,
     author = {Gilbert, A. and Cameron, A. G. W.},
     journal = {Can. J. Phys.},
     volume = {43},
     pages = {1446},
     year = {1965}
     }
@article{Bethe:1937,
     author = {Bethe, H.},
     journal = {Rev. Mod. Phys.},
     volume = {9},
     pages = {69},
     year = {1937}
     }
@article{Capote:2009,
     author = {Capote, R. and Herman, M. and Oblozzinsky P. and Young, P.G. and Goriely, S. and Belgya, T. and Ignatyuk, A. V. Koning, A. J. and Hilaire, S. and Plujko,  V. and Avrigeanu, M. and Bersillon, O. and Chadwick, M. B. and Fukahori, T. and Kailas, S. and Kopecky, J. and Maslov, V. M. and Reffo, G. and Sin, M. Soukhovitskii, E. and Talou, P. and Yinlu, H. and Zhigang, G. },
     journal = {Nucl. Data Sheets},
     volume = {110},
     pages = {3107},
     year = {2009}
     }
@article{Junghans:1998,
     author = {Junghans, A. R. and de Jong, M. and Clrec, H.-G. and Ignatyuk, A.V. and Kudyaev, G. A. and Schmidt, K.-H.},
     journal = {Nucl. Phys. A},
     volume = {629},
     pages = {635},
     year = {1998}
     }
 @article{Iljinov:1992,
     author = { Iljinov, A. S. and Mebel, M. V. and Bianchi, N. and De Sanctis, E. and Guaraldo, C. and Lucherini, V. and Muccifora, V. and Polli, E. and Reolon, A. R. and Rossi, P.},
     journal = {Nucl. Phys. A},
     volume = {543},
     pages = {517},
     year = {1992}
     }
@book{Mughabghab-1:2018,
     author = {Mughabghab, S. F.},
     title = {Atlas of Neutron Resonances Volume 1: Resonance Properties and Thermal Cross Sections Z= 1-60},
     publisher = {Elsevier},
     address = {Amsterdam},
     year = {2018}
     }
@book{Mughabghab-2:2018,
     author = {Mughabghab, S. F.},
     title = {Atlas of Neutron Resonances Volume 2: Resonance Properties and Thermal Cross Sections Z= 61-102},
     publisher = {Elsevier},
     address = {Amsterdam},
     year = {2018}
     }
 @article{Koning:2003,
     author = { Koning, A. J. and Delaroche, J. P.},
     journal = {Nucl. Phys. A},
     volume = {713},
     pages = {310},
     year = {2003}
     }
 @article{Soukhovitskii:2004,
     author = { Soukhovistkii, E. S. and Chiba, S. and Lee, J.-Y. and Iwamoto, O. and Fukahori, T.},
     journal = {J. Phys. G},
     volume = {30},
     pages = {905},
     year = {2004}
     }
 @article{Perey:1976,
     author = { Perey, C. M. and Perey, F. G.},
     journal = {At. Data and Nucl. Data Tables},
     volume = {17},
     pages = {1},
     year = {1976}
     }
 @article{Avrigeanu:1994,
     author = { Avrigeanu, V. and Hodgson, P. E. and Avrigeanu, M.},
     journal = {Phys. Rev. C},
     volume = {49},
     pages = {2136},
     year = {1994}
     }
 @article{Myers:1966,
     author = { Myers, W. D. and Swiatecki, W. J.},
     journal = {Nucl. Phys. A},
     volume = {81},
     pages = {1},
     year = {1966}
     }
 @article{Guet:1988,
     author = { Guet, C. and Strumberger, E. and Brack, M.},
     journal = {Phys. Lett. B},
     volume = {205},
     pages = {427},
     year = {1988}
     }
 @article{Moller:1988,
     author = {M\" oller,P. and Myers, W. D. and Swiatecki, W. J. and Treiner, J.},
     journal = {At. Data Nucl. Data Tables},
     volume = {39},
     pages = {225},
     year = {1988}
     }
 @article{Moller:1997,
     author = {M\"oller,P. and Nix, J. R.},
     journal = {At. Data Nucl. Data Tables},
     volume = {66},
     pages = {131},
     year = {1997}
     }
 @article{Akkermans:1985,
     author = {Akkermans, J. M. and Gruppelar, H.},
     journal = {Phys. Lett. B},
     volume = {157},
     pages = {95},
     year = {1985}
     }
@misc{RIPL-3,
     author = {Capote, R. and Herman, M. and Oblozzinsky P. and Young, P.G. and Goriely, S. and Belgya, T. and Ignatyuk, A. V. Koning, A. J. and Hilaire, S. and Plujko,  V. and Avrigeanu, M. and Bersillon, O. and Chadwick, M. B. and Fukahori, T. and Kailas, S. and Kopecky, J. and Maslov, V. M. and Reffo, G. and Sin, M. Soukhovitskii, E. and Talou, P. and Yinlu, H. and Zhigang, G. },
    howpublished = {Available at \url{https://www-nds.iaea.org/RIPL-3/} (2020/10/25)}
    }
    
     @article{Kopecky:1990,
     author = {Kopecky, J. and Uhl, M.},
     journal = {Phys. Rev. C},
     volume = {41},
     pages = {1941},
     year = {1990}
     }
     @article{Baba:1990,
     author = {Baba, M. and Wakabayashi, H. and Ito, N. and Kazuto
Maeda, K. and Naohiro Hirakawa, N.},
     journal = {J. Nucl. Sci. and Technol.},
     volume = {27},
     pages = {601},
     year = {1990}
     }
     @article{Cline:1983,
     author = {Cline, C. and Blann, M.},
     journal = {Nucl. Phys. A},
     volume = {172},
     pages = {225},
     year = {1983}
     }
     @article{Dobes:1983,
     author = {Dobe\v{s}, J. and. B\v{e}t\'ak, E.},
     journal = {Z. Phys. A},
     volume = {310},
     pages = {329},
     year = {1983}
     }
     @article{Betak:1976,
     author = {B\v{e}t\'ak, E. and Dobe\v{s}, J.},
     journal = {Z. Phys. A},
     volume = {279},
     pages = {319},
     year = {1976}
     }
     @article{Fu:1984,
     author = {Fu, C. Y.},
     journal = {Nucl. Sci. Eng.},
     volume = {86},
     pages = {344},
     year = {1984}
     }
     @article{Kalbach:1985,
     author = {Kalbach, C.},
     journal = {Phys. Rev. C},
     volume = {33},
     pages = {818},
     year = {1985}
     }

     @article{ENDF/B-VII.1,
     author = {Chadwick, M. B. and  Herman, M. and Oblozinsky, P. and Dunn, M. E. and Danon, Y. and Kahler, A. C. and Smith, D. L. and Pritychenko, B. and  Arbanas, G. and Arcilla, R. and Brewer, R. and Brown, D. A. and Capote, R. and Carlson, A. D. and Cho, Y. S. and Derrien, H. and Guber, K. and Hale, G. M. and Hoblit, S. and Holloway, S. and Johnson, T. D. and Kawano, T. and Kiedrowski, B. C. and Kim, H. and Kunieda, S. and Larson, N. M. and Leal, L. and Lestone, J. P and Little, R. C. and McCutchan, E. A. and MacFarlane, R. E. and MacInnes, M. and Mattoon, C. M. and McKnight, R. D. and Mughabghab, S. F. and Nobre, G. P. A. and  Palmiotti, G. and Palumbo, A. and Pigni, M. T. and  Pronyaev, V. G. and Sayer, R. O. and Sonzogni, A. A. and Summers, N. C. and Talou, P. and Thompson, I. J. and Trkov, A. and Vogt, R. L. and van der Marck, S. C. and Wallner, A. and White, M. C. and Wiarda, D. and Young, P. G.},
     journal = {Nucl. Data Sheets},
     volume = {112},
     pages = {2887},
     year = {2011}
     }


@article{Soukhovitskii:2016,
  title = {Nucleon scattering on actinides using a dispersive optical model with extended couplings},
  author = {Soukhovitski\ifmmode \tilde{\imath}\else \~{\i}\fi{}, E. Sh. and Capote, R. and Quesada, J. M. and Chiba, S. and Martyanov, D. S.},
  journal = {Phys. Rev. C},
  volume = {94},
  issue = {6},
  pages = {064605},
  numpages = {25},
  year = {2016},
  month = {Dec},
  publisher = {American Physical Society},
  doi = {10.1103/PhysRevC.94.064605},
  url = {https://link.aps.org/doi/10.1103/PhysRevC.94.064605}
}

@article{Soukhovitskii:2020,
  title = {Erratum: Nucleon scattering on actinides using a dispersive optical model with extended couplings [Phys. Rev. C 94, 064605 (2016)]},
  author = {Soukhovitski\ifmmode \tilde{\imath}\else \~{\i}\fi{}, E. Sh. and Capote, R. and Quesada, J. M. and Chiba, S. and Martyanov, D. S.},
  journal = {Phys. Rev. C},
  volume = {102},
  issue = {5},
  pages = {059901},
  numpages = {4},
  year = {2020},
  month = {Nov},
  publisher = {American Physical Society},
  doi = {10.1103/PhysRevC.102.059901},
  url = {https://link.aps.org/doi/10.1103/PhysRevC.102.059901}
}


@article{Maslov:2003,
title = {238U–nucleon–nucleus optical potential up to 200 MeV},
journal = {Nuclear Physics A},
volume = {736},
number = {1},
pages = {77-92},
year = {2004},
issn = {0375-9474},
doi = {https://doi.org/10.1016/j.nuclphysa.2004.02.021},
url = {https://www.sciencedirect.com/science/article/pii/S037594740400212X},
author = {V.M. Maslov and Yu.V. Porodzinskij and N.A. Tetereva and M. Baba and A. Hasegawa},
abstract = {Nucleon optical model potential for 238U is obtained. Rigid rotator coupled channel model reproduces experimental neutron total cross section data up to 200 MeV and produce the reaction cross section energy dependence in the range up to 200 MeV, suitable for the Hauser–Feshbach and pre-equilibrium model calculations of neutron- and proton-induced fission cross sections.}
}
